%YAML 1.1
%TAG !u! tag:unity3d.com,2011:
--- !u!1 &194996958
GameObject:
  m_ObjectHideFlags: 0
  m_CorrespondingSourceObject: {fileID: 0}
  m_PrefabInstance: {fileID: 0}
  m_PrefabAsset: {fileID: 0}
  serializedVersion: 6
  m_Component:
  - component: {fileID: 194996959}
  m_Layer: 0
  m_Name: FrontLegEffector
  m_TagString: Untagged
  m_Icon: {fileID: 0}
  m_NavMeshLayer: 0
  m_StaticEditorFlags: 0
  m_IsActive: 1
--- !u!4 &194996959
Transform:
  m_ObjectHideFlags: 0
  m_CorrespondingSourceObject: {fileID: 0}
  m_PrefabInstance: {fileID: 0}
  m_PrefabAsset: {fileID: 0}
  m_GameObject: {fileID: 194996958}
  m_LocalRotation: {x: -2.7272004e-10, y: -3.949895e-10, z: 0.39473155, w: 0.9187965}
  m_LocalPosition: {x: 0.291, y: -0, z: 0}
  m_LocalScale: {x: 1, y: 1, z: 1}
  m_Children: []
  m_Father: {fileID: 5706848870340315507}
  m_RootOrder: 0
  m_LocalEulerAnglesHint: {x: 0, y: 0, z: 46.499}
--- !u!1 &525571672
GameObject:
  m_ObjectHideFlags: 0
  m_CorrespondingSourceObject: {fileID: 0}
  m_PrefabInstance: {fileID: 0}
  m_PrefabAsset: {fileID: 0}
  serializedVersion: 6
  m_Component:
  - component: {fileID: 525571673}
  m_Layer: 0
  m_Name: RearArmSolver
  m_TagString: Untagged
  m_Icon: {fileID: 0}
  m_NavMeshLayer: 0
  m_StaticEditorFlags: 0
  m_IsActive: 1
--- !u!4 &525571673
Transform:
  m_ObjectHideFlags: 0
  m_CorrespondingSourceObject: {fileID: 0}
  m_PrefabInstance: {fileID: 0}
  m_PrefabAsset: {fileID: 0}
  m_GameObject: {fileID: 525571672}
  m_LocalRotation: {x: -0, y: -0, z: 0.41337538, w: 0.9105607}
  m_LocalPosition: {x: 0.282, y: -0.004, z: 0}
  m_LocalScale: {x: 1, y: 1, z: 1}
  m_Children: []
  m_Father: {fileID: 5126099221828171449}
  m_RootOrder: 0
  m_LocalEulerAnglesHint: {x: 0, y: 0, z: -311.16602}
--- !u!1 &1302081420
GameObject:
  m_ObjectHideFlags: 0
  m_CorrespondingSourceObject: {fileID: 0}
  m_PrefabInstance: {fileID: 0}
  m_PrefabAsset: {fileID: 0}
  serializedVersion: 6
  m_Component:
  - component: {fileID: 1302081421}
  m_Layer: 0
  m_Name: FrontArmSolver
  m_TagString: Untagged
  m_Icon: {fileID: 0}
  m_NavMeshLayer: 0
  m_StaticEditorFlags: 0
  m_IsActive: 1
--- !u!4 &1302081421
Transform:
  m_ObjectHideFlags: 0
  m_CorrespondingSourceObject: {fileID: 0}
  m_PrefabInstance: {fileID: 0}
  m_PrefabAsset: {fileID: 0}
  m_GameObject: {fileID: 1302081420}
  m_LocalRotation: {x: -0, y: -0, z: 0.71323025, w: 0.70092976}
  m_LocalPosition: {x: 0.294, y: -0.001, z: 0}
  m_LocalScale: {x: 1, y: 1, z: 1}
  m_Children: []
  m_Father: {fileID: 308465474612673484}
  m_RootOrder: 0
  m_LocalEulerAnglesHint: {x: 0, y: 0, z: 2610.997}
--- !u!1 &1473781149
GameObject:
  m_ObjectHideFlags: 0
  m_CorrespondingSourceObject: {fileID: 0}
  m_PrefabInstance: {fileID: 0}
  m_PrefabAsset: {fileID: 0}
  serializedVersion: 6
  m_Component:
  - component: {fileID: 1473781150}
  m_Layer: 0
  m_Name: RearLegEffector
  m_TagString: Untagged
  m_Icon: {fileID: 0}
  m_NavMeshLayer: 0
  m_StaticEditorFlags: 0
  m_IsActive: 1
--- !u!4 &1473781150
Transform:
  m_ObjectHideFlags: 0
  m_CorrespondingSourceObject: {fileID: 0}
  m_PrefabInstance: {fileID: 0}
  m_PrefabAsset: {fileID: 0}
  m_GameObject: {fileID: 1473781149}
  m_LocalRotation: {x: -0, y: -0, z: 0.12662534, w: 0.99195063}
  m_LocalPosition: {x: 0.291, y: -0.001, z: 0}
  m_LocalScale: {x: 1, y: 1, z: 1}
  m_Children: []
  m_Father: {fileID: 4378437623657045973}
  m_RootOrder: 0
  m_LocalEulerAnglesHint: {x: 0, y: 0, z: 14.549}
--- !u!1 &1500242466
GameObject:
  m_ObjectHideFlags: 0
  m_CorrespondingSourceObject: {fileID: 0}
  m_PrefabInstance: {fileID: 0}
  m_PrefabAsset: {fileID: 0}
  serializedVersion: 6
  m_Component:
  - component: {fileID: 1500242467}
  - component: {fileID: 1500242468}
  m_Layer: 3
  m_Name: AimingLine
  m_TagString: Untagged
  m_Icon: {fileID: 0}
  m_NavMeshLayer: 0
  m_StaticEditorFlags: 0
  m_IsActive: 1
--- !u!4 &1500242467
Transform:
  m_ObjectHideFlags: 0
  m_CorrespondingSourceObject: {fileID: 0}
  m_PrefabInstance: {fileID: 0}
  m_PrefabAsset: {fileID: 0}
  m_GameObject: {fileID: 1500242466}
  m_LocalRotation: {x: 0, y: 0, z: 0, w: 1}
  m_LocalPosition: {x: 0, y: 0, z: 0}
  m_LocalScale: {x: 1, y: 1, z: 1}
  m_Children: []
  m_Father: {fileID: 4197955396317596302}
  m_RootOrder: 3
  m_LocalEulerAnglesHint: {x: 0, y: 0, z: 0}
--- !u!120 &1500242468
LineRenderer:
  m_ObjectHideFlags: 0
  m_CorrespondingSourceObject: {fileID: 0}
  m_PrefabInstance: {fileID: 0}
  m_PrefabAsset: {fileID: 0}
  m_GameObject: {fileID: 1500242466}
  m_Enabled: 1
  m_CastShadows: 0
  m_ReceiveShadows: 1
  m_DynamicOccludee: 1
  m_MotionVectors: 0
  m_LightProbeUsage: 0
  m_ReflectionProbeUsage: 0
  m_RayTracingMode: 0
  m_RayTraceProcedural: 0
  m_RenderingLayerMask: 1
  m_RendererPriority: 0
  m_Materials:
  - {fileID: 10754, guid: 0000000000000000f000000000000000, type: 0}
  m_StaticBatchInfo:
    firstSubMesh: 0
    subMeshCount: 0
  m_StaticBatchRoot: {fileID: 0}
  m_ProbeAnchor: {fileID: 0}
  m_LightProbeVolumeOverride: {fileID: 0}
  m_ScaleInLightmap: 1
  m_ReceiveGI: 1
  m_PreserveUVs: 0
  m_IgnoreNormalsForChartDetection: 0
  m_ImportantGI: 0
  m_StitchLightmapSeams: 1
  m_SelectedEditorRenderState: 3
  m_MinimumChartSize: 4
  m_AutoUVMaxDistance: 0.5
  m_AutoUVMaxAngle: 89
  m_LightmapParameters: {fileID: 0}
  m_SortingLayerID: 0
  m_SortingLayer: 0
  m_SortingOrder: 0
  m_Positions:
  - {x: 0, y: 0, z: 0}
  - {x: 0, y: 0, z: 1}
  m_Parameters:
    serializedVersion: 3
    widthMultiplier: 1
    widthCurve:
      serializedVersion: 2
      m_Curve:
      - serializedVersion: 3
        time: 0
        value: 0.099998474
        inSlope: 0
        outSlope: 0
        tangentMode: 0
        weightedMode: 0
        inWeight: 0.33333334
        outWeight: 0.33333334
      m_PreInfinity: 2
      m_PostInfinity: 2
      m_RotationOrder: 4
    colorGradient:
      serializedVersion: 2
      key0: {r: 1, g: 1, b: 1, a: 1}
      key1: {r: 1, g: 1, b: 1, a: 1}
      key2: {r: 0, g: 0, b: 0, a: 0}
      key3: {r: 0, g: 0, b: 0, a: 0}
      key4: {r: 0, g: 0, b: 0, a: 0}
      key5: {r: 0, g: 0, b: 0, a: 0}
      key6: {r: 0, g: 0, b: 0, a: 0}
      key7: {r: 0, g: 0, b: 0, a: 0}
      ctime0: 0
      ctime1: 65535
      ctime2: 0
      ctime3: 0
      ctime4: 0
      ctime5: 0
      ctime6: 0
      ctime7: 0
      atime0: 0
      atime1: 65535
      atime2: 0
      atime3: 0
      atime4: 0
      atime5: 0
      atime6: 0
      atime7: 0
      m_Mode: 0
      m_NumColorKeys: 2
      m_NumAlphaKeys: 2
    numCornerVertices: 0
    numCapVertices: 0
    alignment: 0
    textureMode: 2
    shadowBias: 0.5
    generateLightingData: 0
  m_UseWorldSpace: 1
  m_Loop: 0
--- !u!1 &1661477264
GameObject:
  m_ObjectHideFlags: 0
  m_CorrespondingSourceObject: {fileID: 0}
  m_PrefabInstance: {fileID: 0}
  m_PrefabAsset: {fileID: 0}
  serializedVersion: 6
  m_Component:
  - component: {fileID: 1661477265}
  - component: {fileID: 1364196928436015359}
  m_Layer: 3
  m_Name: FloorDetector
  m_TagString: Untagged
  m_Icon: {fileID: 0}
  m_NavMeshLayer: 0
  m_StaticEditorFlags: 0
  m_IsActive: 1
--- !u!4 &1661477265
Transform:
  m_ObjectHideFlags: 0
  m_CorrespondingSourceObject: {fileID: 0}
  m_PrefabInstance: {fileID: 0}
  m_PrefabAsset: {fileID: 0}
  m_GameObject: {fileID: 1661477264}
  m_LocalRotation: {x: 0, y: 0, z: 0, w: 1}
  m_LocalPosition: {x: 0, y: -0.904, z: 0}
  m_LocalScale: {x: 1, y: 1, z: 1}
  m_Children: []
  m_Father: {fileID: 4197955396317596302}
  m_RootOrder: 4
  m_LocalEulerAnglesHint: {x: 0, y: 0, z: 0}
--- !u!58 &1364196928436015359
CircleCollider2D:
  m_ObjectHideFlags: 0
  m_CorrespondingSourceObject: {fileID: 0}
  m_PrefabInstance: {fileID: 0}
  m_PrefabAsset: {fileID: 0}
  m_GameObject: {fileID: 1661477264}
  m_Enabled: 1
  m_Density: 1
  m_Material: {fileID: 0}
  m_IsTrigger: 1
  m_UsedByEffector: 0
  m_UsedByComposite: 0
  m_Offset: {x: 0, y: 0}
  serializedVersion: 2
  m_Radius: 0.12
--- !u!1 &233021949746423452
GameObject:
  m_ObjectHideFlags: 0
  m_CorrespondingSourceObject: {fileID: 0}
  m_PrefabInstance: {fileID: 0}
  m_PrefabAsset: {fileID: 0}
  serializedVersion: 6
  m_Component:
  - component: {fileID: 8891521037435930959}
  - component: {fileID: 7516465792267368323}
  m_Layer: 3
  m_Name: AimingLine
  m_TagString: Untagged
  m_Icon: {fileID: 0}
  m_NavMeshLayer: 0
  m_StaticEditorFlags: 0
  m_IsActive: 1
--- !u!4 &8891521037435930959
Transform:
  m_ObjectHideFlags: 0
  m_CorrespondingSourceObject: {fileID: 0}
  m_PrefabInstance: {fileID: 0}
  m_PrefabAsset: {fileID: 0}
  m_GameObject: {fileID: 233021949746423452}
  m_LocalRotation: {x: 0, y: 0, z: 0, w: 1}
  m_LocalPosition: {x: 0, y: 0, z: 0}
  m_LocalScale: {x: 1, y: 1, z: 1}
  m_Children: []
  m_Father: {fileID: 4197955396317596302}
  m_RootOrder: 5
  m_LocalEulerAnglesHint: {x: 0, y: 0, z: 0}
--- !u!120 &7516465792267368323
LineRenderer:
  m_ObjectHideFlags: 0
  m_CorrespondingSourceObject: {fileID: 0}
  m_PrefabInstance: {fileID: 0}
  m_PrefabAsset: {fileID: 0}
  m_GameObject: {fileID: 233021949746423452}
  m_Enabled: 1
  m_CastShadows: 0
  m_ReceiveShadows: 1
  m_DynamicOccludee: 1
  m_MotionVectors: 0
  m_LightProbeUsage: 0
  m_ReflectionProbeUsage: 0
  m_RayTracingMode: 0
  m_RayTraceProcedural: 0
  m_RenderingLayerMask: 1
  m_RendererPriority: 0
  m_Materials:
  - {fileID: 10754, guid: 0000000000000000f000000000000000, type: 0}
  m_StaticBatchInfo:
    firstSubMesh: 0
    subMeshCount: 0
  m_StaticBatchRoot: {fileID: 0}
  m_ProbeAnchor: {fileID: 0}
  m_LightProbeVolumeOverride: {fileID: 0}
  m_ScaleInLightmap: 1
  m_ReceiveGI: 1
  m_PreserveUVs: 0
  m_IgnoreNormalsForChartDetection: 0
  m_ImportantGI: 0
  m_StitchLightmapSeams: 1
  m_SelectedEditorRenderState: 3
  m_MinimumChartSize: 4
  m_AutoUVMaxDistance: 0.5
  m_AutoUVMaxAngle: 89
  m_LightmapParameters: {fileID: 0}
  m_SortingLayerID: 0
  m_SortingLayer: 0
  m_SortingOrder: 0
  m_Positions:
  - {x: 0, y: 0, z: 0}
  - {x: 0, y: 0, z: 1}
  m_Parameters:
    serializedVersion: 3
    widthMultiplier: 1
    widthCurve:
      serializedVersion: 2
      m_Curve:
      - serializedVersion: 3
        time: 0
        value: 0.099998474
        inSlope: 0
        outSlope: 0
        tangentMode: 0
        weightedMode: 0
        inWeight: 0.33333334
        outWeight: 0.33333334
      m_PreInfinity: 2
      m_PostInfinity: 2
      m_RotationOrder: 4
    colorGradient:
      serializedVersion: 2
      key0: {r: 1, g: 1, b: 1, a: 1}
      key1: {r: 1, g: 1, b: 1, a: 1}
      key2: {r: 0, g: 0, b: 0, a: 0}
      key3: {r: 0, g: 0, b: 0, a: 0}
      key4: {r: 0, g: 0, b: 0, a: 0}
      key5: {r: 0, g: 0, b: 0, a: 0}
      key6: {r: 0, g: 0, b: 0, a: 0}
      key7: {r: 0, g: 0, b: 0, a: 0}
      ctime0: 0
      ctime1: 65535
      ctime2: 0
      ctime3: 0
      ctime4: 0
      ctime5: 0
      ctime6: 0
      ctime7: 0
      atime0: 0
      atime1: 65535
      atime2: 0
      atime3: 0
      atime4: 0
      atime5: 0
      atime6: 0
      atime7: 0
      m_Mode: 0
      m_NumColorKeys: 2
      m_NumAlphaKeys: 2
    numCornerVertices: 0
    numCapVertices: 0
    alignment: 0
    textureMode: 2
    shadowBias: 0.5
    generateLightingData: 0
  m_UseWorldSpace: 1
  m_Loop: 0
--- !u!1 &912601879638665885
GameObject:
  m_ObjectHideFlags: 0
  m_CorrespondingSourceObject: {fileID: 0}
  m_PrefabInstance: {fileID: 0}
  m_PrefabAsset: {fileID: 0}
  serializedVersion: 6
  m_Component:
  - component: {fileID: 6636621315240207272}
  - component: {fileID: 6804380351582955826}
  m_Layer: 3
  m_Name: VisionLight
  m_TagString: Untagged
  m_Icon: {fileID: 0}
  m_NavMeshLayer: 0
  m_StaticEditorFlags: 0
  m_IsActive: 1
--- !u!4 &6636621315240207272
Transform:
  m_ObjectHideFlags: 0
  m_CorrespondingSourceObject: {fileID: 0}
  m_PrefabInstance: {fileID: 0}
  m_PrefabAsset: {fileID: 0}
  m_GameObject: {fileID: 912601879638665885}
  m_LocalRotation: {x: 0, y: 0, z: 0, w: 1}
  m_LocalPosition: {x: 0.96, y: 0.49, z: 0}
  m_LocalScale: {x: 1, y: 1, z: 1}
  m_Children: []
  m_Father: {fileID: 4197955396317596302}
  m_RootOrder: 6
  m_LocalEulerAnglesHint: {x: 0, y: 0, z: 0}
--- !u!114 &6804380351582955826
MonoBehaviour:
  m_ObjectHideFlags: 0
  m_CorrespondingSourceObject: {fileID: 0}
  m_PrefabInstance: {fileID: 0}
  m_PrefabAsset: {fileID: 0}
  m_GameObject: {fileID: 912601879638665885}
  m_Enabled: 1
  m_EditorHideFlags: 0
  m_Script: {fileID: 11500000, guid: 073797afb82c5a1438f328866b10b3f0, type: 3}
  m_Name: 
  m_EditorClassIdentifier: 
  m_LightType: 1
  m_BlendStyleIndex: 0
  m_FalloffIntensity: 0.5
  m_Color: {r: 1, g: 1, b: 1, a: 1}
  m_Intensity: 0.3
  m_LightVolumeOpacity: 0
  m_ApplyToSortingLayers: 00000000
  m_LightCookieSprite: {fileID: 0}
  m_UseNormalMap: 0
  m_LightOrder: 0
  m_AlphaBlendOnOverlap: 0
  m_ShadowIntensity: 0
  m_ShadowVolumeIntensity: 0
  m_PointLightInnerAngle: 360
  m_PointLightOuterAngle: 360
  m_PointLightInnerRadius: 0
  m_PointLightOuterRadius: 1
  m_PointLightDistance: 3
  m_PointLightQuality: 1
  m_ShapeLightParametricSides: 5
  m_ShapeLightParametricAngleOffset: 0
  m_ShapeLightParametricRadius: 1
  m_ShapeLightFalloffSize: 0.5
  m_ShapeLightFalloffOffset: {x: 0, y: 0}
  m_ShapePath:
  - {x: -0.9570446, y: -0.20152259, z: 0}
  - {x: -0.24320412, y: -0.41191882, z: 0}
  - {x: -0.12493706, y: -0.19219518, z: 0}
  - {x: -0.18090057, y: 0.08026612, z: 0}
  - {x: -0.34143448, y: 0.28546938, z: 0}
--- !u!114 &1796835623539692982
MonoBehaviour:
  m_ObjectHideFlags: 0
  m_CorrespondingSourceObject: {fileID: 0}
  m_PrefabInstance: {fileID: 0}
  m_PrefabAsset: {fileID: 0}
  m_GameObject: {fileID: 3269157678070117580}
  m_Enabled: 1
  m_EditorHideFlags: 0
  m_Script: {fileID: 11500000, guid: 097b551f2844b054290f18a39bf892e9, type: 3}
  m_Name: 
  m_EditorClassIdentifier: 
  m_Solvers:
  - {fileID: 4197955395095363934}
  - {fileID: 4197955396257855822}
  - {fileID: 4197955396124296079}
  - {fileID: 4197955394861793368}
  m_Weight: 1
  m_SolverEditorData:
  - color: {r: 0, g: 1, b: 0, a: 1}
    showGizmo: 1
  - color: {r: 0, g: 1, b: 0, a: 1}
    showGizmo: 1
  - color: {r: 0, g: 1, b: 0, a: 1}
    showGizmo: 1
  - color: {r: 0, g: 1, b: 0, a: 1}
    showGizmo: 1
--- !u!1 &4197955394861793370
GameObject:
  m_ObjectHideFlags: 0
  m_CorrespondingSourceObject: {fileID: 0}
  m_PrefabInstance: {fileID: 0}
  m_PrefabAsset: {fileID: 0}
  serializedVersion: 6
  m_Component:
  - component: {fileID: 4197955394861793369}
  - component: {fileID: 4197955394861793368}
  m_Layer: 3
  m_Name: FrontLegSolver
  m_TagString: Untagged
  m_Icon: {fileID: 0}
  m_NavMeshLayer: 0
  m_StaticEditorFlags: 0
  m_IsActive: 1
--- !u!4 &4197955394861793369
Transform:
  m_ObjectHideFlags: 0
  m_CorrespondingSourceObject: {fileID: 0}
  m_PrefabInstance: {fileID: 0}
  m_PrefabAsset: {fileID: 0}
  m_GameObject: {fileID: 4197955394861793370}
  m_LocalRotation: {x: 0.0025887305, y: 0.0025753963, z: 0.0025753963, w: 0.99999005}
  m_LocalPosition: {x: 0.191, y: -1.749, z: 0.29588494}
  m_LocalScale: {x: 0.295885, y: 0.29588488, z: 0.29588494}
  m_Children:
  - {fileID: 4197955396301033933}
  m_Father: {fileID: 7389932583846998122}
  m_RootOrder: 14
  m_LocalEulerAnglesHint: {x: 0, y: 0, z: 0}
--- !u!114 &4197955394861793368
MonoBehaviour:
  m_ObjectHideFlags: 0
  m_CorrespondingSourceObject: {fileID: 0}
  m_PrefabInstance: {fileID: 0}
  m_PrefabAsset: {fileID: 0}
  m_GameObject: {fileID: 4197955394861793370}
  m_Enabled: 1
  m_EditorHideFlags: 0
  m_Script: {fileID: 11500000, guid: 30ae93fb156fc6d4c828c64571fc3edd, type: 3}
  m_Name: 
  m_EditorClassIdentifier: 
  m_ConstrainRotation: 1
  m_SolveFromDefaultPose: 1
  m_Weight: 1
  m_Chain:
    m_EffectorTransform: {fileID: 194996959}
    m_TargetTransform: {fileID: 4197955396301033933}
    m_TransformCount: 3
    m_Transforms:
    - {fileID: 3334359276250205159}
    - {fileID: 5706848870340315507}
    - {fileID: 194996959}
    m_DefaultLocalRotations:
    - {x: -0, y: -0, z: -0.962519, w: 0.27121451}
    - {x: 0, y: 0, z: -0.037539653, w: 0.9992952}
    - {x: 0, y: 0, z: 0, w: 1}
    m_StoredLocalRotations:
    - {x: 0, y: 0, z: 0, w: 0}
    - {x: 0, y: 0, z: 0, w: 0}
    - {x: 0, y: 0, z: 0, w: 0}
  m_Flip: 0
--- !u!1 &4197955395095363928
GameObject:
  m_ObjectHideFlags: 0
  m_CorrespondingSourceObject: {fileID: 0}
  m_PrefabInstance: {fileID: 0}
  m_PrefabAsset: {fileID: 0}
  serializedVersion: 6
  m_Component:
  - component: {fileID: 4197955395095363935}
  - component: {fileID: 4197955395095363934}
  m_Layer: 3
  m_Name: RearArmSolver
  m_TagString: Untagged
  m_Icon: {fileID: 0}
  m_NavMeshLayer: 0
  m_StaticEditorFlags: 0
  m_IsActive: 1
--- !u!4 &4197955395095363935
Transform:
  m_ObjectHideFlags: 0
  m_CorrespondingSourceObject: {fileID: 0}
  m_PrefabInstance: {fileID: 0}
  m_PrefabAsset: {fileID: 0}
  m_GameObject: {fileID: 4197955395095363928}
  m_LocalRotation: {x: 0.0025887305, y: 0.0025753963, z: 0.0025753963, w: 0.99999005}
  m_LocalPosition: {x: 0.191, y: -1.749, z: 0.29588494}
  m_LocalScale: {x: 0.295885, y: 0.29588488, z: 0.29588494}
  m_Children:
  - {fileID: 4197955396271606063}
  m_Father: {fileID: 7389932583846998122}
  m_RootOrder: 11
  m_LocalEulerAnglesHint: {x: 0, y: 0, z: 0}
--- !u!114 &4197955395095363934
MonoBehaviour:
  m_ObjectHideFlags: 0
  m_CorrespondingSourceObject: {fileID: 0}
  m_PrefabInstance: {fileID: 0}
  m_PrefabAsset: {fileID: 0}
  m_GameObject: {fileID: 4197955395095363928}
  m_Enabled: 1
  m_EditorHideFlags: 0
  m_Script: {fileID: 11500000, guid: 30ae93fb156fc6d4c828c64571fc3edd, type: 3}
  m_Name: 
  m_EditorClassIdentifier: 
  m_ConstrainRotation: 1
  m_SolveFromDefaultPose: 1
  m_Weight: 1
  m_Chain:
    m_EffectorTransform: {fileID: 525571673}
    m_TargetTransform: {fileID: 4197955396271606063}
    m_TransformCount: 3
    m_Transforms:
    - {fileID: 6194578436488390189}
    - {fileID: 5126099221828171449}
    - {fileID: 525571673}
    m_DefaultLocalRotations:
    - {x: 0, y: 0, z: -0.89612395, w: 0.443804}
    - {x: 0, y: 0, z: 0.31046087, w: 0.9505862}
    - {x: -0, y: -0, z: 0.0006012916, w: 0.9999998}
    m_StoredLocalRotations:
    - {x: 0, y: 0, z: 0, w: 0}
    - {x: 0, y: 0, z: 0, w: 0}
    - {x: 0, y: 0, z: 0, w: 0}
  m_Flip: 1
--- !u!1 &4197955395109118308
GameObject:
  m_ObjectHideFlags: 0
  m_CorrespondingSourceObject: {fileID: 0}
  m_PrefabInstance: {fileID: 0}
  m_PrefabAsset: {fileID: 0}
  serializedVersion: 6
  m_Component:
  - component: {fileID: 4197955395109118235}
  m_Layer: 3
  m_Name: FrontArmSolver_Target
  m_TagString: Untagged
  m_Icon: {fileID: 0}
  m_NavMeshLayer: 0
  m_StaticEditorFlags: 0
  m_IsActive: 1
--- !u!4 &4197955395109118235
Transform:
  m_ObjectHideFlags: 0
  m_CorrespondingSourceObject: {fileID: 0}
  m_PrefabInstance: {fileID: 0}
  m_PrefabAsset: {fileID: 0}
  m_GameObject: {fileID: 4197955395109118308}
  m_LocalRotation: {x: -0.0025768918, y: -0.002587242, z: -0.007161633, w: 0.99996775}
  m_LocalPosition: {x: -1.52, y: 4.6, z: -1.03}
  m_LocalScale: {x: 3.379692, y: 3.379692, z: 3.379692}
  m_Children: []
  m_Father: {fileID: 4197955396257855823}
  m_RootOrder: 0
  m_LocalEulerAnglesHint: {x: 0, y: 0, z: 0}
--- !u!1 &4197955395329240571
GameObject:
  m_ObjectHideFlags: 0
  m_CorrespondingSourceObject: {fileID: 0}
  m_PrefabInstance: {fileID: 0}
  m_PrefabAsset: {fileID: 0}
  serializedVersion: 6
  m_Component:
  - component: {fileID: 4197955395329240570}
  m_Layer: 3
  m_Name: RearLegSolver_Target
  m_TagString: Untagged
  m_Icon: {fileID: 0}
  m_NavMeshLayer: 0
  m_StaticEditorFlags: 0
  m_IsActive: 1
--- !u!4 &4197955395329240570
Transform:
  m_ObjectHideFlags: 0
  m_CorrespondingSourceObject: {fileID: 0}
  m_PrefabInstance: {fileID: 0}
  m_PrefabAsset: {fileID: 0}
  m_GameObject: {fileID: 4197955395329240571}
  m_LocalRotation: {x: 0.00002025871, y: -0.0036515452, z: -0.71463126, w: 0.6994919}
  m_LocalPosition: {x: -0.21, y: 2.68, z: -1.02}
  m_LocalScale: {x: 3.379692, y: 3.379692, z: 3.379692}
  m_Children: []
  m_Father: {fileID: 4197955396124296072}
  m_RootOrder: 0
  m_LocalEulerAnglesHint: {x: 0, y: 0, z: 0}
--- !u!1 &4197955395787178937
GameObject:
  m_ObjectHideFlags: 0
  m_CorrespondingSourceObject: {fileID: 0}
  m_PrefabInstance: {fileID: 0}
  m_PrefabAsset: {fileID: 0}
  serializedVersion: 6
  m_Component:
  - component: {fileID: 4197955395787178943}
  - component: {fileID: 4197955395787178936}
  - component: {fileID: 1603112807}
  m_Layer: 3
  m_Name: LighterLight
  m_TagString: Untagged
  m_Icon: {fileID: 0}
  m_NavMeshLayer: 0
  m_StaticEditorFlags: 0
  m_IsActive: 1
--- !u!4 &4197955395787178943
Transform:
  m_ObjectHideFlags: 0
  m_CorrespondingSourceObject: {fileID: 0}
  m_PrefabInstance: {fileID: 0}
  m_PrefabAsset: {fileID: 0}
  m_GameObject: {fileID: 4197955395787178937}
  m_LocalRotation: {x: 0, y: 0, z: 0, w: 1}
  m_LocalPosition: {x: 0.02, y: 0.63, z: 0}
  m_LocalScale: {x: 1, y: 1, z: 1}
  m_Children: []
  m_Father: {fileID: 4197955396317596302}
  m_RootOrder: 1
  m_LocalEulerAnglesHint: {x: 0, y: 0, z: 0}
--- !u!114 &4197955395787178936
MonoBehaviour:
  m_ObjectHideFlags: 0
  m_CorrespondingSourceObject: {fileID: 0}
  m_PrefabInstance: {fileID: 0}
  m_PrefabAsset: {fileID: 0}
  m_GameObject: {fileID: 4197955395787178937}
  m_Enabled: 1
  m_EditorHideFlags: 0
  m_Script: {fileID: 11500000, guid: 073797afb82c5a1438f328866b10b3f0, type: 3}
  m_Name: 
  m_EditorClassIdentifier: 
  m_LightType: 1
  m_BlendStyleIndex: 0
  m_FalloffIntensity: 0.659
  m_Color: {r: 1, g: 1, b: 1, a: 1}
  m_Intensity: 1
  m_LightVolumeOpacity: 0.043
  m_ApplyToSortingLayers: 00000000db75446d
  m_LightCookieSprite: {fileID: 0}
  m_UseNormalMap: 0
  m_LightOrder: 0
  m_AlphaBlendOnOverlap: 0
  m_ShadowIntensity: 1
  m_ShadowVolumeIntensity: 0
  m_PointLightInnerAngle: 360
  m_PointLightOuterAngle: 360
  m_PointLightInnerRadius: 0
  m_PointLightOuterRadius: 4.46
  m_PointLightDistance: 3
  m_PointLightQuality: 1
  m_ShapeLightParametricSides: 5
  m_ShapeLightParametricAngleOffset: 0
  m_ShapeLightParametricRadius: 1
  m_ShapeLightFalloffSize: 1
  m_ShapeLightFalloffOffset: {x: 0, y: 0}
  m_ShapePath:
  - {x: 0.01824379, y: -2.082014, z: 0}
  - {x: 0.8319912, y: -1.9967756, z: 0}
  - {x: 1.2820492, y: -1.8058431, z: 0}
  - {x: 1.5910444, y: -1.4683018, z: 0}
  - {x: 1.6502762, y: -0.93300766, z: 0}
  - {x: 1.459343, y: -0.40112352, z: 0}
  - {x: 1.3229628, y: 0.117122464, z: 0}
  - {x: 1.1729431, y: 0.5944544, z: 0}
  - {x: 0.91382027, y: 0.97631985, z: 0}
  - {x: 0.7092495, y: 1.3445473, z: 0}
  - {x: 0.39557648, y: 1.6445844, z: 0}
  - {x: -0.10007477, y: 1.9729099, z: 0}
  - {x: -0.5181732, y: 1.6036704, z: 0}
  - {x: -0.9285164, y: 1.2403204, z: 0}
  - {x: -1.2273521, y: 0.71719676, z: 0}
  - {x: -1.3773708, y: 0.36260754, z: 0}
  - {x: -1.4728374, y: -0.1692766, z: 0}
  - {x: -1.513752, y: -0.82390314, z: 0}
  - {x: -1.4182835, y: -1.3285112, z: 0}
  - {x: -1.1182499, y: -1.8058434, z: 0}
  - {x: -0.6272812, y: -2.0513277, z: 0}
--- !u!111 &1603112807
Animation:
  m_ObjectHideFlags: 0
  m_CorrespondingSourceObject: {fileID: 0}
  m_PrefabInstance: {fileID: 0}
  m_PrefabAsset: {fileID: 0}
  m_GameObject: {fileID: 4197955395787178937}
  m_Enabled: 1
  serializedVersion: 3
  m_Animation: {fileID: 7400000, guid: 6e10f88b2f8e7c44caa5b5d0f54ad768, type: 2}
  m_Animations:
  - {fileID: 7400000, guid: 6e10f88b2f8e7c44caa5b5d0f54ad768, type: 2}
  m_WrapMode: 0
  m_PlayAutomatically: 1
  m_AnimatePhysics: 0
  m_CullingType: 0
--- !u!1 &4197955396124296073
GameObject:
  m_ObjectHideFlags: 0
  m_CorrespondingSourceObject: {fileID: 0}
  m_PrefabInstance: {fileID: 0}
  m_PrefabAsset: {fileID: 0}
  serializedVersion: 6
  m_Component:
  - component: {fileID: 4197955396124296072}
  - component: {fileID: 4197955396124296079}
  m_Layer: 3
  m_Name: RearLegSolver
  m_TagString: Untagged
  m_Icon: {fileID: 0}
  m_NavMeshLayer: 0
  m_StaticEditorFlags: 0
  m_IsActive: 1
--- !u!4 &4197955396124296072
Transform:
  m_ObjectHideFlags: 0
  m_CorrespondingSourceObject: {fileID: 0}
  m_PrefabInstance: {fileID: 0}
  m_PrefabAsset: {fileID: 0}
  m_GameObject: {fileID: 4197955396124296073}
  m_LocalRotation: {x: 0.0025887305, y: 0.0025753963, z: 0.0025753963, w: 0.99999005}
  m_LocalPosition: {x: 0.191, y: -1.749, z: 0.29588494}
  m_LocalScale: {x: 0.295885, y: 0.29588488, z: 0.29588494}
  m_Children:
  - {fileID: 4197955395329240570}
  m_Father: {fileID: 7389932583846998122}
  m_RootOrder: 13
  m_LocalEulerAnglesHint: {x: 0, y: 0, z: 0}
--- !u!114 &4197955396124296079
MonoBehaviour:
  m_ObjectHideFlags: 0
  m_CorrespondingSourceObject: {fileID: 0}
  m_PrefabInstance: {fileID: 0}
  m_PrefabAsset: {fileID: 0}
  m_GameObject: {fileID: 4197955396124296073}
  m_Enabled: 1
  m_EditorHideFlags: 0
  m_Script: {fileID: 11500000, guid: 30ae93fb156fc6d4c828c64571fc3edd, type: 3}
  m_Name: 
  m_EditorClassIdentifier: 
  m_ConstrainRotation: 1
  m_SolveFromDefaultPose: 1
  m_Weight: 1
  m_Chain:
    m_EffectorTransform: {fileID: 1473781150}
    m_TargetTransform: {fileID: 4197955395329240570}
    m_TransformCount: 3
    m_Transforms:
    - {fileID: 781799204730234581}
    - {fileID: 4378437623657045973}
    - {fileID: 1473781150}
    m_DefaultLocalRotations:
    - {x: 0, y: 0, z: -0.99961084, w: -0.027895192}
    - {x: 0, y: 0, z: -0.01606506, w: 0.999871}
    - {x: 0, y: 0, z: 0, w: 1}
    m_StoredLocalRotations:
    - {x: 0, y: 0, z: 0, w: 0}
    - {x: 0, y: 0, z: 0, w: 0}
    - {x: 0, y: 0, z: 0, w: 0}
  m_Flip: 0
--- !u!1 &4197955396257855816
GameObject:
  m_ObjectHideFlags: 0
  m_CorrespondingSourceObject: {fileID: 0}
  m_PrefabInstance: {fileID: 0}
  m_PrefabAsset: {fileID: 0}
  serializedVersion: 6
  m_Component:
  - component: {fileID: 4197955396257855823}
  - component: {fileID: 4197955396257855822}
  m_Layer: 3
  m_Name: FrontArmSolver
  m_TagString: Untagged
  m_Icon: {fileID: 0}
  m_NavMeshLayer: 0
  m_StaticEditorFlags: 0
  m_IsActive: 1
--- !u!4 &4197955396257855823
Transform:
  m_ObjectHideFlags: 0
  m_CorrespondingSourceObject: {fileID: 0}
  m_PrefabInstance: {fileID: 0}
  m_PrefabAsset: {fileID: 0}
  m_GameObject: {fileID: 4197955396257855816}
  m_LocalRotation: {x: 0.0025887305, y: 0.0025753963, z: 0.0025753963, w: 0.99999005}
  m_LocalPosition: {x: 0.191, y: -1.749, z: 0.29588494}
  m_LocalScale: {x: 0.295885, y: 0.29588488, z: 0.29588494}
  m_Children:
  - {fileID: 4197955395109118235}
  m_Father: {fileID: 7389932583846998122}
  m_RootOrder: 12
  m_LocalEulerAnglesHint: {x: 0, y: 0, z: 0}
--- !u!114 &4197955396257855822
MonoBehaviour:
  m_ObjectHideFlags: 0
  m_CorrespondingSourceObject: {fileID: 0}
  m_PrefabInstance: {fileID: 0}
  m_PrefabAsset: {fileID: 0}
  m_GameObject: {fileID: 4197955396257855816}
  m_Enabled: 1
  m_EditorHideFlags: 0
  m_Script: {fileID: 11500000, guid: 30ae93fb156fc6d4c828c64571fc3edd, type: 3}
  m_Name: 
  m_EditorClassIdentifier: 
  m_ConstrainRotation: 1
  m_SolveFromDefaultPose: 1
  m_Weight: 1
  m_Chain:
    m_EffectorTransform: {fileID: 1302081421}
    m_TargetTransform: {fileID: 4197955395109118235}
    m_TransformCount: 3
    m_Transforms:
    - {fileID: 821096224933402093}
    - {fileID: 308465474612673484}
    - {fileID: 1302081421}
    m_DefaultLocalRotations:
    - {x: 0, y: 0, z: -0.8934201, w: 0.44922215}
    - {x: 0, y: 0, z: 0.30032635, w: 0.95383656}
    - {x: -0, y: -0, z: 0.0006013512, w: 0.9999998}
    m_StoredLocalRotations:
    - {x: 0, y: 0, z: 0, w: 0}
    - {x: 0, y: 0, z: 0, w: 0}
    - {x: 0, y: 0, z: 0, w: 0}
  m_Flip: 1
--- !u!1 &4197955396271606056
GameObject:
  m_ObjectHideFlags: 0
  m_CorrespondingSourceObject: {fileID: 0}
  m_PrefabInstance: {fileID: 0}
  m_PrefabAsset: {fileID: 0}
  serializedVersion: 6
  m_Component:
  - component: {fileID: 4197955396271606063}
  m_Layer: 3
  m_Name: RearArmSolver_Target
  m_TagString: Untagged
  m_Icon: {fileID: 0}
  m_NavMeshLayer: 0
  m_StaticEditorFlags: 0
  m_IsActive: 1
--- !u!4 &4197955396271606063
Transform:
  m_ObjectHideFlags: 0
  m_CorrespondingSourceObject: {fileID: 0}
  m_PrefabInstance: {fileID: 0}
  m_PrefabAsset: {fileID: 0}
  m_GameObject: {fileID: 4197955396271606056}
  m_LocalRotation: {x: -0.002588734, y: -0.0025753928, z: -0.0025740552, w: 0.99999005}
  m_LocalPosition: {x: 2.13, y: 2.424, z: -1.002}
  m_LocalScale: {x: 3.379692, y: 3.379692, z: 3.379692}
  m_Children: []
  m_Father: {fileID: 4197955395095363935}
  m_RootOrder: 0
  m_LocalEulerAnglesHint: {x: 0, y: 0, z: 0}
--- !u!1 &4197955396301033934
GameObject:
  m_ObjectHideFlags: 0
  m_CorrespondingSourceObject: {fileID: 0}
  m_PrefabInstance: {fileID: 0}
  m_PrefabAsset: {fileID: 0}
  serializedVersion: 6
  m_Component:
  - component: {fileID: 4197955396301033933}
  m_Layer: 3
  m_Name: FrontLegSolver_Target
  m_TagString: Untagged
  m_Icon: {fileID: 0}
  m_NavMeshLayer: 0
  m_StaticEditorFlags: 0
  m_IsActive: 1
--- !u!4 &4197955396301033933
Transform:
  m_ObjectHideFlags: 0
  m_CorrespondingSourceObject: {fileID: 0}
  m_PrefabInstance: {fileID: 0}
  m_PrefabAsset: {fileID: 0}
  m_GameObject: {fileID: 4197955396301033934}
  m_LocalRotation: {x: 0.00006474671, y: -0.003651027, z: -0.7231007, w: 0.690733}
  m_LocalPosition: {x: -1.17, y: 2.83, z: -1.02}
  m_LocalScale: {x: 3.379692, y: 3.379692, z: 3.379692}
  m_Children: []
  m_Father: {fileID: 4197955394861793369}
  m_RootOrder: 0
  m_LocalEulerAnglesHint: {x: 0, y: 0, z: 0}
--- !u!1 &4197955396317596303
GameObject:
  m_ObjectHideFlags: 0
  m_CorrespondingSourceObject: {fileID: 0}
  m_PrefabInstance: {fileID: 0}
  m_PrefabAsset: {fileID: 0}
  serializedVersion: 6
  m_Component:
  - component: {fileID: 4197955396317596302}
  - component: {fileID: 4197955396317596301}
  - component: {fileID: 4197955396317596291}
  - component: {fileID: 4197955396317596300}
  - component: {fileID: 4197955396317596290}
  - component: {fileID: 2332996221743619001}
  - component: {fileID: 4197955396317596289}
  - component: {fileID: 4197955396317596288}
  - component: {fileID: 2120449032}
  - component: {fileID: 8626486384669483793}
  - component: {fileID: 3491610889514975253}
  m_Layer: 3
  m_Name: Prefab
  m_TagString: Player
  m_Icon: {fileID: 0}
  m_NavMeshLayer: 0
  m_StaticEditorFlags: 0
  m_IsActive: 1
--- !u!4 &4197955396317596302
Transform:
  m_ObjectHideFlags: 0
  m_CorrespondingSourceObject: {fileID: 0}
  m_PrefabInstance: {fileID: 0}
  m_PrefabAsset: {fileID: 0}
  m_GameObject: {fileID: 4197955396317596303}
  m_LocalRotation: {x: 0, y: 0, z: 0, w: 1}
  m_LocalPosition: {x: 0, y: 0, z: 0}
  m_LocalScale: {x: 1, y: 1, z: 1}
  m_Children:
  - {fileID: 7389932583846998122}
  - {fileID: 4197955395787178943}
  - {fileID: 7761765298686171336}
  - {fileID: 1500242467}
  - {fileID: 1661477265}
  - {fileID: 8891521037435930959}
  - {fileID: 6636621315240207272}
  - {fileID: 7646278751109603164}
  m_Father: {fileID: 0}
  m_RootOrder: 0
  m_LocalEulerAnglesHint: {x: 0, y: 0, z: 0}
--- !u!95 &4197955396317596301
Animator:
  serializedVersion: 3
  m_ObjectHideFlags: 0
  m_CorrespondingSourceObject: {fileID: 0}
  m_PrefabInstance: {fileID: 0}
  m_PrefabAsset: {fileID: 0}
  m_GameObject: {fileID: 4197955396317596303}
  m_Enabled: 1
  m_Avatar: {fileID: 0}
  m_Controller: {fileID: 9100000, guid: c41aa7e291ec30544aadf28ea4d596f7, type: 2}
  m_CullingMode: 0
  m_UpdateMode: 0
  m_ApplyRootMotion: 1
  m_LinearVelocityBlending: 0
  m_WarningMessage: 
  m_HasTransformHierarchy: 1
  m_AllowConstantClipSamplingOptimization: 1
  m_KeepAnimatorControllerStateOnDisable: 0
--- !u!114 &4197955396317596291
MonoBehaviour:
  m_ObjectHideFlags: 0
  m_CorrespondingSourceObject: {fileID: 0}
  m_PrefabInstance: {fileID: 0}
  m_PrefabAsset: {fileID: 0}
  m_GameObject: {fileID: 4197955396317596303}
  m_Enabled: 1
  m_EditorHideFlags: 0
  m_Script: {fileID: 11500000, guid: 62899f850307741f2a39c98a8b639597, type: 3}
  m_Name: 
  m_EditorClassIdentifier: 
  m_Actions: {fileID: -944628639613478452, guid: 57a8d03c1a1bc3d4b88022c02a85eab4, type: 3}
  m_NotificationBehavior: 2
  m_UIInputModule: {fileID: 0}
  m_DeviceLostEvent:
    m_PersistentCalls:
      m_Calls: []
  m_DeviceRegainedEvent:
    m_PersistentCalls:
      m_Calls: []
  m_ControlsChangedEvent:
    m_PersistentCalls:
      m_Calls: []
  m_ActionEvents:
  - m_PersistentCalls:
      m_Calls:
      - m_Target: {fileID: 4197955396317596289}
        m_TargetAssemblyTypeName: Player, Assembly-CSharp
        m_MethodName: OnMove
        m_Mode: 0
        m_Arguments:
          m_ObjectArgument: {fileID: 0}
          m_ObjectArgumentAssemblyTypeName: UnityEngine.Object, UnityEngine
          m_IntArgument: 0
          m_FloatArgument: 0
          m_StringArgument: 
          m_BoolArgument: 0
        m_CallState: 2
    m_ActionId: 2d9828b7-47c2-441f-8d3a-483258aa40e0
    m_ActionName: Player/Move[/Keyboard/w,/Keyboard/upArrow,/Keyboard/s,/Keyboard/downArrow,/Keyboard/a,/Keyboard/leftArrow,/Keyboard/d,/Keyboard/rightArrow]
  - m_PersistentCalls:
      m_Calls: []
    m_ActionId: 0d6752a5-f48f-46b6-ba55-49089e0663f8
    m_ActionName: Player/Look[/Mouse/delta]
  - m_PersistentCalls:
      m_Calls:
      - m_Target: {fileID: 4197955396317596289}
        m_TargetAssemblyTypeName: Player, Assembly-CSharp
        m_MethodName: OnClick
        m_Mode: 0
        m_Arguments:
          m_ObjectArgument: {fileID: 0}
          m_ObjectArgumentAssemblyTypeName: UnityEngine.Object, UnityEngine
          m_IntArgument: 0
          m_FloatArgument: 0
          m_StringArgument: 
          m_BoolArgument: 0
        m_CallState: 2
    m_ActionId: 46df8fc6-715f-4b56-8a04-2d6f5eefc3b3
    m_ActionName: Player/Fire[/Mouse/leftButton]
  - m_PersistentCalls:
      m_Calls: []
    m_ActionId: 61b42b1a-9eb4-4bcc-a398-079448c08238
    m_ActionName: UI/Navigate[/Keyboard/w,/Keyboard/upArrow,/Keyboard/s,/Keyboard/downArrow,/Keyboard/a,/Keyboard/leftArrow,/Keyboard/d,/Keyboard/rightArrow]
  - m_PersistentCalls:
      m_Calls: []
    m_ActionId: 87a0f6b8-0158-4f79-9c1e-dcee94218d8d
    m_ActionName: UI/Submit[/Keyboard/enter]
  - m_PersistentCalls:
      m_Calls: []
    m_ActionId: 35e72664-4106-4989-a2d9-b1835459196d
    m_ActionName: UI/Cancel[/Keyboard/escape]
  - m_PersistentCalls:
      m_Calls: []
    m_ActionId: 70de8c61-ad71-4cd2-a89e-e9f9173af8e3
    m_ActionName: UI/Point[/Mouse/position]
  - m_PersistentCalls:
      m_Calls: []
    m_ActionId: 88dc3144-52e7-4af6-b282-b380957a6901
    m_ActionName: UI/Click[/Mouse/leftButton]
  - m_PersistentCalls:
      m_Calls: []
    m_ActionId: 4bb50b93-64ac-4ace-8b46-4ba5ebd1d31a
    m_ActionName: UI/ScrollWheel[/Mouse/scroll]
  - m_PersistentCalls:
      m_Calls: []
    m_ActionId: 4f8d631c-6159-4de4-ae80-d202ebcd60f4
    m_ActionName: UI/MiddleClick[/Mouse/middleButton]
  - m_PersistentCalls:
      m_Calls: []
    m_ActionId: c8337c54-4c64-43b7-bcdc-763a046772a7
    m_ActionName: UI/RightClick[/Mouse/rightButton]
  - m_PersistentCalls:
      m_Calls: []
    m_ActionId: e3799891-ff43-4743-984e-7fedf87e859d
    m_ActionName: UI/TrackedDevicePosition
  - m_PersistentCalls:
      m_Calls: []
    m_ActionId: 8654346c-da18-4b86-855a-eed939d40834
    m_ActionName: UI/TrackedDeviceOrientation
  - m_PersistentCalls:
      m_Calls:
      - m_Target: {fileID: 4197955396317596289}
        m_TargetAssemblyTypeName: Player, Assembly-CSharp
        m_MethodName: OnJump
        m_Mode: 0
        m_Arguments:
          m_ObjectArgument: {fileID: 0}
          m_ObjectArgumentAssemblyTypeName: UnityEngine.Object, UnityEngine
          m_IntArgument: 0
          m_FloatArgument: 0
          m_StringArgument: 
          m_BoolArgument: 0
        m_CallState: 2
    m_ActionId: 1076727a-8032-4cb1-8739-80d78dee54e5
    m_ActionName: Player/Jump[/Keyboard/space]
  - m_PersistentCalls:
      m_Calls:
      - m_Target: {fileID: 4197955396317596289}
        m_TargetAssemblyTypeName: Player, Assembly-CSharp
        m_MethodName: OnPosition
        m_Mode: 0
        m_Arguments:
          m_ObjectArgument: {fileID: 0}
          m_ObjectArgumentAssemblyTypeName: UnityEngine.Object, UnityEngine
          m_IntArgument: 0
          m_FloatArgument: 0
          m_StringArgument: 
          m_BoolArgument: 0
        m_CallState: 2
    m_ActionId: 496bfe48-b65d-4fda-82fd-27209d39e4bb
    m_ActionName: Player/MouseMove[/Mouse/position]
  - m_PersistentCalls:
      m_Calls:
      - m_Target: {fileID: 4197955396317596289}
        m_TargetAssemblyTypeName: Player, Assembly-CSharp
        m_MethodName: OnRightClick
        m_Mode: 0
        m_Arguments:
          m_ObjectArgument: {fileID: 0}
          m_ObjectArgumentAssemblyTypeName: UnityEngine.Object, UnityEngine
          m_IntArgument: 0
          m_FloatArgument: 0
          m_StringArgument: 
          m_BoolArgument: 0
        m_CallState: 2
    m_ActionId: b19559e4-ef40-4619-900f-eb4e5c0f671d
    m_ActionName: Player/RightClick[/Mouse/rightButton]
  - m_PersistentCalls:
      m_Calls:
      - m_Target: {fileID: 3491610889514975253}
        m_TargetAssemblyTypeName: Lighter, Assembly-CSharp
        m_MethodName: LighterSwitch
        m_Mode: 1
        m_Arguments:
          m_ObjectArgument: {fileID: 0}
          m_ObjectArgumentAssemblyTypeName: UnityEngine.Object, UnityEngine
          m_IntArgument: 0
          m_FloatArgument: 0
          m_StringArgument: 
          m_BoolArgument: 0
        m_CallState: 2
    m_ActionId: 39227c34-72de-4fbe-b727-846e2824e5ce
    m_ActionName: Player/RKey[/Keyboard/r]
  - m_PersistentCalls:
      m_Calls: []
    m_ActionId: 39227c34-72de-4fbe-b727-846e2824e5ce
    m_ActionName: Player/RKey[/Keyboard/r]
  - m_PersistentCalls:
      m_Calls: []
    m_ActionId: 6901aee2-3c01-402a-962c-9189fc49bc7a
    m_ActionName: Player/Use[/Keyboard/e]
  - m_PersistentCalls:
      m_Calls:
      - m_Target: {fileID: 4197955396317596289}
        m_TargetAssemblyTypeName: Player, Assembly-CSharp
        m_MethodName: OnCrounch
        m_Mode: 0
        m_Arguments:
          m_ObjectArgument: {fileID: 0}
          m_ObjectArgumentAssemblyTypeName: UnityEngine.Object, UnityEngine
          m_IntArgument: 0
          m_FloatArgument: 0
          m_StringArgument: 
          m_BoolArgument: 0
        m_CallState: 2
    m_ActionId: 4e790e81-502d-41d6-8ea8-35f5305bcbf0
    m_ActionName: Player/Crounch[/Keyboard/ctrl]
  - m_PersistentCalls:
      m_Calls:
      - m_Target: {fileID: 4197955396317596289}
        m_TargetAssemblyTypeName: Player, Assembly-CSharp
        m_MethodName: OnDie
        m_Mode: 1
        m_Arguments:
          m_ObjectArgument: {fileID: 0}
          m_ObjectArgumentAssemblyTypeName: UnityEngine.Object, UnityEngine
          m_IntArgument: 0
          m_FloatArgument: 0
          m_StringArgument: 
          m_BoolArgument: 0
        m_CallState: 2
    m_ActionId: 723b13b7-dbf6-4501-bab8-bcc54a132d39
    m_ActionName: Player/Suicide[/Keyboard/escape]
  m_NeverAutoSwitchControlSchemes: 0
  m_DefaultControlScheme: 
  m_DefaultActionMap: Player
  m_SplitScreenIndex: -1
  m_Camera: {fileID: 0}
--- !u!70 &4197955396317596300
CapsuleCollider2D:
  m_ObjectHideFlags: 0
  m_CorrespondingSourceObject: {fileID: 0}
  m_PrefabInstance: {fileID: 0}
  m_PrefabAsset: {fileID: 0}
  m_GameObject: {fileID: 4197955396317596303}
  m_Enabled: 1
  m_Density: 1
  m_Material: {fileID: 0}
  m_IsTrigger: 0
  m_UsedByEffector: 0
  m_UsedByComposite: 0
  m_Offset: {x: 0, y: -0.30423832}
  m_Size: {x: 0.5, y: 1.3915234}
  m_Direction: 0
--- !u!50 &4197955396317596290
Rigidbody2D:
  serializedVersion: 4
  m_ObjectHideFlags: 0
  m_CorrespondingSourceObject: {fileID: 0}
  m_PrefabInstance: {fileID: 0}
  m_PrefabAsset: {fileID: 0}
  m_GameObject: {fileID: 4197955396317596303}
  m_BodyType: 0
  m_Simulated: 1
  m_UseFullKinematicContacts: 0
  m_UseAutoMass: 1
  m_Mass: 0.64211124
  m_LinearDrag: 0
  m_AngularDrag: 0.05
  m_GravityScale: 1
  m_Material: {fileID: 0}
  m_Interpolate: 0
  m_SleepingMode: 0
  m_CollisionDetection: 1
  m_Constraints: 4
--- !u!61 &2332996221743619001
BoxCollider2D:
  m_ObjectHideFlags: 0
  m_CorrespondingSourceObject: {fileID: 0}
  m_PrefabInstance: {fileID: 0}
  m_PrefabAsset: {fileID: 0}
  m_GameObject: {fileID: 4197955396317596303}
  m_Enabled: 1
  m_Density: 1
  m_Material: {fileID: 0}
  m_IsTrigger: 1
  m_UsedByEffector: 0
  m_UsedByComposite: 0
  m_Offset: {x: 0.252182, y: -0.2395491}
  m_SpriteTilingProperty:
    border: {x: 0, y: 0, z: 0, w: 0}
    pivot: {x: 0, y: 0}
    oldSize: {x: 0, y: 0}
    newSize: {x: 0, y: 0}
    adaptiveTilingThreshold: 0
    drawMode: 0
    adaptiveTiling: 0
  m_AutoTiling: 0
  serializedVersion: 2
  m_Size: {x: 0.13747025, y: 1.3551472}
  m_EdgeRadius: 0
--- !u!114 &4197955396317596289
MonoBehaviour:
  m_ObjectHideFlags: 0
  m_CorrespondingSourceObject: {fileID: 0}
  m_PrefabInstance: {fileID: 0}
  m_PrefabAsset: {fileID: 0}
  m_GameObject: {fileID: 4197955396317596303}
  m_Enabled: 1
  m_EditorHideFlags: 0
  m_Script: {fileID: 11500000, guid: aa223a70c777da940ba5a15a5e276abf, type: 3}
  m_Name: 
  m_EditorClassIdentifier: 
  layerMask:
    serializedVersion: 2
    m_Bits: 1
  faceCollider: {fileID: 2332996221743619001}
  floorCollider: {fileID: 1364196928436015359}
  crounchCollider: {fileID: 5613123976780404038}
  speed: 0
  minWalkSpeed: 0
  maxWalkSpeed: 0
  runSpeed: 5
  crounchSpeed: 1
  timeBeforeRun: 0
  walkTime: 0
  health: {fileID: 4197955396317596288}
  controlEnabled: 1
  jumpHeight: 5
  _sceneCamera: {fileID: 0}
  _glowstickToInstantiate: {fileID: 3228264457733895729, guid: 1e5bddb0b0eefa84d8c56fc9e798eaa9, type: 3}
  _glowstickCooldownMax: 1
  _maxVelocity: 10
  _numberOfPointOfAiming: 8
  _aimingSimulationLenght: 0.5
  _numberOfGlowstickRemaining: 5
  _uiManager: {fileID: 0}
  _earTransform: {fileID: 0}
--- !u!114 &4197955396317596288
MonoBehaviour:
  m_ObjectHideFlags: 0
  m_CorrespondingSourceObject: {fileID: 0}
  m_PrefabInstance: {fileID: 0}
  m_PrefabAsset: {fileID: 0}
  m_GameObject: {fileID: 4197955396317596303}
  m_Enabled: 1
  m_EditorHideFlags: 0
  m_Script: {fileID: 11500000, guid: a2d4270103e55da49a419de4af7f9c80, type: 3}
  m_Name: 
  m_EditorClassIdentifier: 
  maxHP: 1
  onDie:
    m_PersistentCalls:
      m_Calls:
      - m_Target: {fileID: 4197955396317596289}
        m_TargetAssemblyTypeName: Player, Assembly-CSharp
        m_MethodName: OnDie
        m_Mode: 1
        m_Arguments:
          m_ObjectArgument: {fileID: 0}
          m_ObjectArgumentAssemblyTypeName: UnityEngine.Object, UnityEngine
          m_IntArgument: 0
          m_FloatArgument: 0
          m_StringArgument: 
          m_BoolArgument: 0
        m_CallState: 2
--- !u!210 &2120449032
SortingGroup:
  m_ObjectHideFlags: 0
  m_CorrespondingSourceObject: {fileID: 0}
  m_PrefabInstance: {fileID: 0}
  m_PrefabAsset: {fileID: 0}
  m_GameObject: {fileID: 4197955396317596303}
  m_Enabled: 1
  m_SortingLayerID: 1833203163
  m_SortingLayer: 1
  m_SortingOrder: 0
--- !u!114 &8626486384669483793
MonoBehaviour:
  m_ObjectHideFlags: 0
  m_CorrespondingSourceObject: {fileID: 0}
  m_PrefabInstance: {fileID: 0}
  m_PrefabAsset: {fileID: 0}
  m_GameObject: {fileID: 4197955396317596303}
  m_Enabled: 1
  m_EditorHideFlags: 0
  m_Script: {fileID: 11500000, guid: 6bc1f143cd3661b40a09f4cf83295b83, type: 3}
  m_Name: 
  m_EditorClassIdentifier: 
  onTrigger:
    m_PersistentCalls:
      m_Calls:
      - m_Target: {fileID: 4197955396317596288}
        m_TargetAssemblyTypeName: Health, Assembly-CSharp
        m_MethodName: Die
        m_Mode: 1
        m_Arguments:
          m_ObjectArgument: {fileID: 0}
          m_ObjectArgumentAssemblyTypeName: UnityEngine.Object, UnityEngine
          m_IntArgument: 0
          m_FloatArgument: 0
          m_StringArgument: 
          m_BoolArgument: 0
        m_CallState: 2
--- !u!114 &3491610889514975253
MonoBehaviour:
  m_ObjectHideFlags: 0
  m_CorrespondingSourceObject: {fileID: 0}
  m_PrefabInstance: {fileID: 0}
  m_PrefabAsset: {fileID: 0}
  m_GameObject: {fileID: 4197955396317596303}
  m_Enabled: 1
  m_EditorHideFlags: 0
  m_Script: {fileID: 11500000, guid: e3446dd46206a5e409cac2a41ef97f0c, type: 3}
  m_Name: 
  m_EditorClassIdentifier: 
  _useOfLighterFuelBySeconds: 0.1
  _lighterLight: {fileID: 4197955395787178936}
  _lighterOffIntensity: 0
  _lighterOnIntensity: 1
  _uiManager: {fileID: 0}
--- !u!1 &5905584207595242060
GameObject:
  m_ObjectHideFlags: 0
  m_CorrespondingSourceObject: {fileID: 0}
  m_PrefabInstance: {fileID: 0}
  m_PrefabAsset: {fileID: 0}
  serializedVersion: 6
  m_Component:
  - component: {fileID: 7646278751109603164}
  - component: {fileID: 5613123976780404038}
  m_Layer: 3
  m_Name: AnticrounchDetector
  m_TagString: Untagged
  m_Icon: {fileID: 0}
  m_NavMeshLayer: 0
  m_StaticEditorFlags: 0
  m_IsActive: 1
--- !u!4 &7646278751109603164
Transform:
  m_ObjectHideFlags: 0
  m_CorrespondingSourceObject: {fileID: 0}
  m_PrefabInstance: {fileID: 0}
  m_PrefabAsset: {fileID: 0}
  m_GameObject: {fileID: 5905584207595242060}
  m_LocalRotation: {x: 0, y: 0, z: 0, w: 1}
  m_LocalPosition: {x: 0.276, y: 0.148, z: 0}
  m_LocalScale: {x: 1, y: 1, z: 1}
  m_Children: []
  m_Father: {fileID: 4197955396317596302}
  m_RootOrder: 7
  m_LocalEulerAnglesHint: {x: 0, y: 0, z: 0}
--- !u!58 &5613123976780404038
CircleCollider2D:
  m_ObjectHideFlags: 0
  m_CorrespondingSourceObject: {fileID: 0}
  m_PrefabInstance: {fileID: 0}
  m_PrefabAsset: {fileID: 0}
  m_GameObject: {fileID: 5905584207595242060}
  m_Enabled: 1
  m_Density: 1
  m_Material: {fileID: 0}
  m_IsTrigger: 1
  m_UsedByEffector: 0
  m_UsedByComposite: 0
  m_Offset: {x: 0, y: 0}
  serializedVersion: 2
  m_Radius: 0.25
--- !u!1 &6442885937614828147
GameObject:
  m_ObjectHideFlags: 0
  m_CorrespondingSourceObject: {fileID: 0}
  m_PrefabInstance: {fileID: 0}
  m_PrefabAsset: {fileID: 0}
  serializedVersion: 6
  m_Component:
  - component: {fileID: 7761765298686171336}
  - component: {fileID: 8506573266818476105}
  m_Layer: 0
  m_Name: Ear
  m_TagString: Untagged
  m_Icon: {fileID: 0}
  m_NavMeshLayer: 0
  m_StaticEditorFlags: 0
  m_IsActive: 1
--- !u!4 &7761765298686171336
Transform:
  m_ObjectHideFlags: 0
  m_CorrespondingSourceObject: {fileID: 0}
  m_PrefabInstance: {fileID: 0}
  m_PrefabAsset: {fileID: 0}
  m_GameObject: {fileID: 6442885937614828147}
  m_LocalRotation: {x: -0, y: -0, z: -0, w: 1}
  m_LocalPosition: {x: 0, y: 0, z: 0}
  m_LocalScale: {x: 1, y: 1, z: 1}
  m_Children: []
  m_Father: {fileID: 4197955396317596302}
  m_RootOrder: 2
  m_LocalEulerAnglesHint: {x: 0, y: 0, z: 0}
--- !u!81 &8506573266818476105
AudioListener:
  m_ObjectHideFlags: 0
  m_CorrespondingSourceObject: {fileID: 0}
  m_PrefabInstance: {fileID: 0}
  m_PrefabAsset: {fileID: 0}
  m_GameObject: {fileID: 6442885937614828147}
  m_Enabled: 1
--- !u!1001 &4248731789959132281
PrefabInstance:
  m_ObjectHideFlags: 0
  serializedVersion: 2
  m_Modification:
    m_TransformParent: {fileID: 4197955396317596302}
    m_Modifications:
    - target: {fileID: -8983797408246819794, guid: 06900d71f7fe93d4ca09fa1db6b941db, type: 3}
      propertyPath: m_LocalRotation.w
      value: 0.7190199
      objectReference: {fileID: 0}
    - target: {fileID: -8983797408246819794, guid: 06900d71f7fe93d4ca09fa1db6b941db, type: 3}
      propertyPath: m_LocalRotation.z
      value: 0.6949895
      objectReference: {fileID: 0}
    - target: {fileID: -8775876442515510356, guid: 06900d71f7fe93d4ca09fa1db6b941db, type: 3}
      propertyPath: m_LocalRotation.w
      value: 0.9038451
      objectReference: {fileID: 0}
    - target: {fileID: -8775876442515510356, guid: 06900d71f7fe93d4ca09fa1db6b941db, type: 3}
      propertyPath: m_LocalRotation.z
      value: -0.42786
      objectReference: {fileID: 0}
    - target: {fileID: -7732538632329724002, guid: 06900d71f7fe93d4ca09fa1db6b941db, type: 3}
      propertyPath: m_LocalRotation.w
      value: 0.035160597
      objectReference: {fileID: 0}
    - target: {fileID: -7732538632329724002, guid: 06900d71f7fe93d4ca09fa1db6b941db, type: 3}
      propertyPath: m_LocalRotation.y
      value: 0
      objectReference: {fileID: 0}
    - target: {fileID: -7732538632329724002, guid: 06900d71f7fe93d4ca09fa1db6b941db, type: 3}
      propertyPath: m_LocalRotation.z
      value: -0.9993817
      objectReference: {fileID: 0}
    - target: {fileID: -7732538632329724002, guid: 06900d71f7fe93d4ca09fa1db6b941db, type: 3}
      propertyPath: m_LocalEulerAnglesHint.z
      value: 211.473
      objectReference: {fileID: 0}
    - target: {fileID: -7184826879073021362, guid: 06900d71f7fe93d4ca09fa1db6b941db, type: 3}
      propertyPath: m_Bounds.m_Center.x
      value: 0.13145839
      objectReference: {fileID: 0}
    - target: {fileID: -7184826879073021362, guid: 06900d71f7fe93d4ca09fa1db6b941db, type: 3}
      propertyPath: m_Bounds.m_Center.y
      value: -1.228955
      objectReference: {fileID: 0}
    - target: {fileID: -7184826879073021362, guid: 06900d71f7fe93d4ca09fa1db6b941db, type: 3}
      propertyPath: m_Bounds.m_Extent.x
      value: 0.14821571
      objectReference: {fileID: 0}
    - target: {fileID: -7184826879073021362, guid: 06900d71f7fe93d4ca09fa1db6b941db, type: 3}
      propertyPath: m_Bounds.m_Extent.y
      value: 0.16962993
      objectReference: {fileID: 0}
    - target: {fileID: -4261122253119465598, guid: 06900d71f7fe93d4ca09fa1db6b941db, type: 3}
      propertyPath: m_SortingLayer
      value: 1
      objectReference: {fileID: 0}
    - target: {fileID: -4261122253119465598, guid: 06900d71f7fe93d4ca09fa1db6b941db, type: 3}
      propertyPath: m_SortingOrder
      value: 6
      objectReference: {fileID: 0}
    - target: {fileID: -4261122253119465598, guid: 06900d71f7fe93d4ca09fa1db6b941db, type: 3}
      propertyPath: m_SortingLayerID
      value: 1833203163
      objectReference: {fileID: 0}
    - target: {fileID: -4098141946459483786, guid: 06900d71f7fe93d4ca09fa1db6b941db, type: 3}
      propertyPath: m_SortingLayer
      value: 1
      objectReference: {fileID: 0}
    - target: {fileID: -4098141946459483786, guid: 06900d71f7fe93d4ca09fa1db6b941db, type: 3}
      propertyPath: m_SortingLayerID
      value: 1833203163
      objectReference: {fileID: 0}
    - target: {fileID: -3908821289526350738, guid: 06900d71f7fe93d4ca09fa1db6b941db, type: 3}
      propertyPath: m_SortingLayer
      value: 1
      objectReference: {fileID: 0}
    - target: {fileID: -3908821289526350738, guid: 06900d71f7fe93d4ca09fa1db6b941db, type: 3}
      propertyPath: m_SortingOrder
      value: 2
      objectReference: {fileID: 0}
    - target: {fileID: -3908821289526350738, guid: 06900d71f7fe93d4ca09fa1db6b941db, type: 3}
      propertyPath: m_SortingLayerID
      value: 1833203163
      objectReference: {fileID: 0}
    - target: {fileID: -3417117800644223449, guid: 06900d71f7fe93d4ca09fa1db6b941db, type: 3}
      propertyPath: m_LocalRotation.w
      value: 0.94919646
      objectReference: {fileID: 0}
    - target: {fileID: -3417117800644223449, guid: 06900d71f7fe93d4ca09fa1db6b941db, type: 3}
      propertyPath: m_LocalRotation.z
      value: -0.31468406
      objectReference: {fileID: 0}
    - target: {fileID: -3369243126281597626, guid: 06900d71f7fe93d4ca09fa1db6b941db, type: 3}
      propertyPath: m_LocalPosition.x
      value: 0.023999363
      objectReference: {fileID: 0}
    - target: {fileID: -3369243126281597626, guid: 06900d71f7fe93d4ca09fa1db6b941db, type: 3}
      propertyPath: m_LocalPosition.y
      value: -0.42483497
      objectReference: {fileID: 0}
    - target: {fileID: -3369243126281597626, guid: 06900d71f7fe93d4ca09fa1db6b941db, type: 3}
      propertyPath: m_LocalRotation.w
      value: 0.8770473
      objectReference: {fileID: 0}
    - target: {fileID: -3369243126281597626, guid: 06900d71f7fe93d4ca09fa1db6b941db, type: 3}
      propertyPath: m_LocalRotation.z
      value: -0.48040414
      objectReference: {fileID: 0}
    - target: {fileID: -3369243126281597626, guid: 06900d71f7fe93d4ca09fa1db6b941db, type: 3}
      propertyPath: m_LocalEulerAnglesHint.z
      value: -88.025
      objectReference: {fileID: 0}
    - target: {fileID: -3347053510321963567, guid: 06900d71f7fe93d4ca09fa1db6b941db, type: 3}
      propertyPath: m_Bounds.m_Center.x
      value: 0.20410492
      objectReference: {fileID: 0}
    - target: {fileID: -3347053510321963567, guid: 06900d71f7fe93d4ca09fa1db6b941db, type: 3}
      propertyPath: m_Bounds.m_Center.y
      value: -1.0666965
      objectReference: {fileID: 0}
    - target: {fileID: -3347053510321963567, guid: 06900d71f7fe93d4ca09fa1db6b941db, type: 3}
      propertyPath: m_Bounds.m_Extent.x
      value: 0.10900028
      objectReference: {fileID: 0}
    - target: {fileID: -3347053510321963567, guid: 06900d71f7fe93d4ca09fa1db6b941db, type: 3}
      propertyPath: m_Bounds.m_Extent.y
      value: 0.17847738
      objectReference: {fileID: 0}
    - target: {fileID: -3173213967325798394, guid: 06900d71f7fe93d4ca09fa1db6b941db, type: 3}
      propertyPath: m_Bounds.m_Center.x
      value: 0.20278578
      objectReference: {fileID: 0}
    - target: {fileID: -3173213967325798394, guid: 06900d71f7fe93d4ca09fa1db6b941db, type: 3}
      propertyPath: m_Bounds.m_Center.y
      value: -1.0715638
      objectReference: {fileID: 0}
    - target: {fileID: -3173213967325798394, guid: 06900d71f7fe93d4ca09fa1db6b941db, type: 3}
      propertyPath: m_Bounds.m_Extent.x
      value: 0.15917113
      objectReference: {fileID: 0}
    - target: {fileID: -3173213967325798394, guid: 06900d71f7fe93d4ca09fa1db6b941db, type: 3}
      propertyPath: m_Bounds.m_Extent.y
      value: 0.32658517
      objectReference: {fileID: 0}
    - target: {fileID: -2952451706460634363, guid: 06900d71f7fe93d4ca09fa1db6b941db, type: 3}
      propertyPath: m_Bounds.m_Center.x
      value: 0.25649697
      objectReference: {fileID: 0}
    - target: {fileID: -2952451706460634363, guid: 06900d71f7fe93d4ca09fa1db6b941db, type: 3}
      propertyPath: m_Bounds.m_Center.y
      value: -1.0714817
      objectReference: {fileID: 0}
    - target: {fileID: -2952451706460634363, guid: 06900d71f7fe93d4ca09fa1db6b941db, type: 3}
      propertyPath: m_Bounds.m_Extent.x
      value: 0.1476238
      objectReference: {fileID: 0}
    - target: {fileID: -2952451706460634363, guid: 06900d71f7fe93d4ca09fa1db6b941db, type: 3}
      propertyPath: m_Bounds.m_Extent.y
      value: 0.19255394
      objectReference: {fileID: 0}
    - target: {fileID: -2560059420584934381, guid: 06900d71f7fe93d4ca09fa1db6b941db, type: 3}
      propertyPath: m_RootOrder
      value: 0
      objectReference: {fileID: 0}
    - target: {fileID: -2560059420584934381, guid: 06900d71f7fe93d4ca09fa1db6b941db, type: 3}
      propertyPath: m_LocalPosition.x
      value: -0.002
      objectReference: {fileID: 0}
    - target: {fileID: -2560059420584934381, guid: 06900d71f7fe93d4ca09fa1db6b941db, type: 3}
      propertyPath: m_LocalPosition.y
      value: -0.001
      objectReference: {fileID: 0}
    - target: {fileID: -2560059420584934381, guid: 06900d71f7fe93d4ca09fa1db6b941db, type: 3}
      propertyPath: m_LocalPosition.z
      value: 0
      objectReference: {fileID: 0}
    - target: {fileID: -2560059420584934381, guid: 06900d71f7fe93d4ca09fa1db6b941db, type: 3}
      propertyPath: m_LocalRotation.w
      value: 1
      objectReference: {fileID: 0}
    - target: {fileID: -2560059420584934381, guid: 06900d71f7fe93d4ca09fa1db6b941db, type: 3}
      propertyPath: m_LocalRotation.x
      value: 0
      objectReference: {fileID: 0}
    - target: {fileID: -2560059420584934381, guid: 06900d71f7fe93d4ca09fa1db6b941db, type: 3}
      propertyPath: m_LocalRotation.y
      value: 0
      objectReference: {fileID: 0}
    - target: {fileID: -2560059420584934381, guid: 06900d71f7fe93d4ca09fa1db6b941db, type: 3}
      propertyPath: m_LocalRotation.z
      value: 0
      objectReference: {fileID: 0}
    - target: {fileID: -2560059420584934381, guid: 06900d71f7fe93d4ca09fa1db6b941db, type: 3}
      propertyPath: m_LocalEulerAnglesHint.x
      value: 0
      objectReference: {fileID: 0}
    - target: {fileID: -2560059420584934381, guid: 06900d71f7fe93d4ca09fa1db6b941db, type: 3}
      propertyPath: m_LocalEulerAnglesHint.y
      value: 0
      objectReference: {fileID: 0}
    - target: {fileID: -2560059420584934381, guid: 06900d71f7fe93d4ca09fa1db6b941db, type: 3}
      propertyPath: m_LocalEulerAnglesHint.z
      value: 0
      objectReference: {fileID: 0}
    - target: {fileID: -2398737876640745028, guid: 06900d71f7fe93d4ca09fa1db6b941db, type: 3}
      propertyPath: m_SortingLayer
      value: 1
      objectReference: {fileID: 0}
    - target: {fileID: -2398737876640745028, guid: 06900d71f7fe93d4ca09fa1db6b941db, type: 3}
      propertyPath: m_SortingLayerID
      value: 1833203163
      objectReference: {fileID: 0}
    - target: {fileID: -1241193291261635090, guid: 06900d71f7fe93d4ca09fa1db6b941db, type: 3}
      propertyPath: m_LocalRotation.w
      value: 0.92431396
      objectReference: {fileID: 0}
    - target: {fileID: -1241193291261635090, guid: 06900d71f7fe93d4ca09fa1db6b941db, type: 3}
      propertyPath: m_LocalRotation.x
      value: 0
      objectReference: {fileID: 0}
    - target: {fileID: -1241193291261635090, guid: 06900d71f7fe93d4ca09fa1db6b941db, type: 3}
      propertyPath: m_LocalRotation.y
      value: 0
      objectReference: {fileID: 0}
    - target: {fileID: -1241193291261635090, guid: 06900d71f7fe93d4ca09fa1db6b941db, type: 3}
      propertyPath: m_LocalRotation.z
      value: -0.38163307
      objectReference: {fileID: 0}
    - target: {fileID: -1241193291261635090, guid: 06900d71f7fe93d4ca09fa1db6b941db, type: 3}
      propertyPath: m_LocalEulerAnglesHint.z
      value: -0.306
      objectReference: {fileID: 0}
    - target: {fileID: -1224672017773292972, guid: 06900d71f7fe93d4ca09fa1db6b941db, type: 3}
      propertyPath: m_LocalRotation.w
      value: 0.39304364
      objectReference: {fileID: 0}
    - target: {fileID: -1224672017773292972, guid: 06900d71f7fe93d4ca09fa1db6b941db, type: 3}
      propertyPath: m_LocalRotation.z
      value: -0.91951984
      objectReference: {fileID: 0}
    - target: {fileID: -1188397459827234507, guid: 06900d71f7fe93d4ca09fa1db6b941db, type: 3}
      propertyPath: m_LocalRotation.w
      value: -0.45224646
      objectReference: {fileID: 0}
    - target: {fileID: -1188397459827234507, guid: 06900d71f7fe93d4ca09fa1db6b941db, type: 3}
      propertyPath: m_LocalRotation.z
      value: -0.891893
      objectReference: {fileID: 0}
    - target: {fileID: -1188397459827234507, guid: 06900d71f7fe93d4ca09fa1db6b941db, type: 3}
      propertyPath: m_LocalEulerAnglesHint.z
      value: -129.586
      objectReference: {fileID: 0}
    - target: {fileID: -1127134786688507892, guid: 06900d71f7fe93d4ca09fa1db6b941db, type: 3}
      propertyPath: m_SortingLayer
      value: 1
      objectReference: {fileID: 0}
    - target: {fileID: -1127134786688507892, guid: 06900d71f7fe93d4ca09fa1db6b941db, type: 3}
      propertyPath: m_SortingLayerID
      value: 1833203163
      objectReference: {fileID: 0}
    - target: {fileID: -982966953637104683, guid: 06900d71f7fe93d4ca09fa1db6b941db, type: 3}
      propertyPath: m_Bounds.m_Center.x
      value: 0.053970203
      objectReference: {fileID: 0}
    - target: {fileID: -982966953637104683, guid: 06900d71f7fe93d4ca09fa1db6b941db, type: 3}
      propertyPath: m_Bounds.m_Center.y
      value: -1.0791527
      objectReference: {fileID: 0}
    - target: {fileID: -982966953637104683, guid: 06900d71f7fe93d4ca09fa1db6b941db, type: 3}
      propertyPath: m_Bounds.m_Extent.x
      value: 0.19348204
      objectReference: {fileID: 0}
    - target: {fileID: -982966953637104683, guid: 06900d71f7fe93d4ca09fa1db6b941db, type: 3}
      propertyPath: m_Bounds.m_Extent.y
      value: 0.2244556
      objectReference: {fileID: 0}
    - target: {fileID: -311335079263521489, guid: 06900d71f7fe93d4ca09fa1db6b941db, type: 3}
      propertyPath: m_SortingLayer
      value: 1
      objectReference: {fileID: 0}
    - target: {fileID: -311335079263521489, guid: 06900d71f7fe93d4ca09fa1db6b941db, type: 3}
      propertyPath: m_SortingOrder
      value: 7
      objectReference: {fileID: 0}
    - target: {fileID: -311335079263521489, guid: 06900d71f7fe93d4ca09fa1db6b941db, type: 3}
      propertyPath: m_SortingLayerID
      value: 1833203163
      objectReference: {fileID: 0}
    - target: {fileID: -271450779357773954, guid: 06900d71f7fe93d4ca09fa1db6b941db, type: 3}
      propertyPath: m_Bounds.m_Center.x
      value: -0.4357053
      objectReference: {fileID: 0}
    - target: {fileID: -271450779357773954, guid: 06900d71f7fe93d4ca09fa1db6b941db, type: 3}
      propertyPath: m_Bounds.m_Center.y
      value: -1.065783
      objectReference: {fileID: 0}
    - target: {fileID: -271450779357773954, guid: 06900d71f7fe93d4ca09fa1db6b941db, type: 3}
      propertyPath: m_Bounds.m_Extent.x
      value: 0.057347387
      objectReference: {fileID: 0}
    - target: {fileID: -271450779357773954, guid: 06900d71f7fe93d4ca09fa1db6b941db, type: 3}
      propertyPath: m_Bounds.m_Extent.y
      value: 0.17991811
      objectReference: {fileID: 0}
    - target: {fileID: -156193219723066688, guid: 06900d71f7fe93d4ca09fa1db6b941db, type: 3}
      propertyPath: m_LocalRotation.w
      value: 0.9999749
      objectReference: {fileID: 0}
    - target: {fileID: -156193219723066688, guid: 06900d71f7fe93d4ca09fa1db6b941db, type: 3}
      propertyPath: m_LocalRotation.z
      value: 0.007091577
      objectReference: {fileID: 0}
    - target: {fileID: 965581564802834360, guid: 06900d71f7fe93d4ca09fa1db6b941db, type: 3}
      propertyPath: m_Bounds.m_Center.x
      value: 0.26744974
      objectReference: {fileID: 0}
    - target: {fileID: 965581564802834360, guid: 06900d71f7fe93d4ca09fa1db6b941db, type: 3}
      propertyPath: m_Bounds.m_Center.y
      value: -1.0153959
      objectReference: {fileID: 0}
    - target: {fileID: 965581564802834360, guid: 06900d71f7fe93d4ca09fa1db6b941db, type: 3}
      propertyPath: m_Bounds.m_Extent.x
      value: 0.16175282
      objectReference: {fileID: 0}
    - target: {fileID: 965581564802834360, guid: 06900d71f7fe93d4ca09fa1db6b941db, type: 3}
      propertyPath: m_Bounds.m_Extent.y
      value: 0.17046058
      objectReference: {fileID: 0}
    - target: {fileID: 1004961167610852741, guid: 06900d71f7fe93d4ca09fa1db6b941db, type: 3}
      propertyPath: m_LocalRotation.w
      value: 0.5657494
      objectReference: {fileID: 0}
    - target: {fileID: 1004961167610852741, guid: 06900d71f7fe93d4ca09fa1db6b941db, type: 3}
      propertyPath: m_LocalRotation.z
      value: 0.82457715
      objectReference: {fileID: 0}
    - target: {fileID: 1229876885709025478, guid: 06900d71f7fe93d4ca09fa1db6b941db, type: 3}
      propertyPath: m_SortingLayer
      value: 1
      objectReference: {fileID: 0}
    - target: {fileID: 1229876885709025478, guid: 06900d71f7fe93d4ca09fa1db6b941db, type: 3}
      propertyPath: m_SortingOrder
      value: 4
      objectReference: {fileID: 0}
    - target: {fileID: 1229876885709025478, guid: 06900d71f7fe93d4ca09fa1db6b941db, type: 3}
      propertyPath: m_SortingLayerID
      value: 1833203163
      objectReference: {fileID: 0}
    - target: {fileID: 1353599989468435210, guid: 06900d71f7fe93d4ca09fa1db6b941db, type: 3}
      propertyPath: m_LocalPosition.x
      value: 0.024
      objectReference: {fileID: 0}
    - target: {fileID: 1353599989468435210, guid: 06900d71f7fe93d4ca09fa1db6b941db, type: 3}
      propertyPath: m_LocalPosition.y
      value: -0.45
      objectReference: {fileID: 0}
    - target: {fileID: 1353599989468435210, guid: 06900d71f7fe93d4ca09fa1db6b941db, type: 3}
      propertyPath: m_LocalRotation.w
      value: 0.6875006
      objectReference: {fileID: 0}
    - target: {fileID: 1353599989468435210, guid: 06900d71f7fe93d4ca09fa1db6b941db, type: 3}
      propertyPath: m_LocalRotation.x
      value: -0
      objectReference: {fileID: 0}
    - target: {fileID: 1353599989468435210, guid: 06900d71f7fe93d4ca09fa1db6b941db, type: 3}
      propertyPath: m_LocalRotation.y
      value: -0
      objectReference: {fileID: 0}
    - target: {fileID: 1353599989468435210, guid: 06900d71f7fe93d4ca09fa1db6b941db, type: 3}
      propertyPath: m_LocalRotation.z
      value: 0.72618383
      objectReference: {fileID: 0}
    - target: {fileID: 1353599989468435210, guid: 06900d71f7fe93d4ca09fa1db6b941db, type: 3}
      propertyPath: m_LocalEulerAnglesHint.z
      value: 93.135
      objectReference: {fileID: 0}
    - target: {fileID: 1377069895487950290, guid: 06900d71f7fe93d4ca09fa1db6b941db, type: 3}
      propertyPath: m_LocalPosition.x
      value: 0.028774917
      objectReference: {fileID: 0}
    - target: {fileID: 1377069895487950290, guid: 06900d71f7fe93d4ca09fa1db6b941db, type: 3}
      propertyPath: m_LocalPosition.y
      value: -0.4081205
      objectReference: {fileID: 0}
    - target: {fileID: 1377069895487950290, guid: 06900d71f7fe93d4ca09fa1db6b941db, type: 3}
      propertyPath: m_LocalRotation.w
      value: 0.7345239
      objectReference: {fileID: 0}
    - target: {fileID: 1377069895487950290, guid: 06900d71f7fe93d4ca09fa1db6b941db, type: 3}
      propertyPath: m_LocalRotation.z
      value: -0.6785829
      objectReference: {fileID: 0}
    - target: {fileID: 1377069895487950290, guid: 06900d71f7fe93d4ca09fa1db6b941db, type: 3}
      propertyPath: m_LocalEulerAnglesHint.z
      value: -89.091
      objectReference: {fileID: 0}
    - target: {fileID: 1704866013334487221, guid: 06900d71f7fe93d4ca09fa1db6b941db, type: 3}
      propertyPath: m_Name
      value: Sprite
      objectReference: {fileID: 0}
    - target: {fileID: 3471999547176948396, guid: 06900d71f7fe93d4ca09fa1db6b941db, type: 3}
      propertyPath: m_LocalRotation.w
      value: 0.27603945
      objectReference: {fileID: 0}
    - target: {fileID: 3471999547176948396, guid: 06900d71f7fe93d4ca09fa1db6b941db, type: 3}
      propertyPath: m_LocalRotation.y
      value: 0
      objectReference: {fileID: 0}
    - target: {fileID: 3471999547176948396, guid: 06900d71f7fe93d4ca09fa1db6b941db, type: 3}
      propertyPath: m_LocalRotation.z
      value: -0.9611463
      objectReference: {fileID: 0}
    - target: {fileID: 3572367875530138004, guid: 06900d71f7fe93d4ca09fa1db6b941db, type: 3}
      propertyPath: m_LocalRotation.w
      value: -0.6585717
      objectReference: {fileID: 0}
    - target: {fileID: 3572367875530138004, guid: 06900d71f7fe93d4ca09fa1db6b941db, type: 3}
      propertyPath: m_LocalRotation.z
      value: -0.75251806
      objectReference: {fileID: 0}
    - target: {fileID: 3749581197609447402, guid: 06900d71f7fe93d4ca09fa1db6b941db, type: 3}
      propertyPath: m_SortingLayer
      value: 1
      objectReference: {fileID: 0}
    - target: {fileID: 3749581197609447402, guid: 06900d71f7fe93d4ca09fa1db6b941db, type: 3}
      propertyPath: m_SortingOrder
      value: 1
      objectReference: {fileID: 0}
    - target: {fileID: 3749581197609447402, guid: 06900d71f7fe93d4ca09fa1db6b941db, type: 3}
      propertyPath: m_SortingLayerID
      value: 1833203163
      objectReference: {fileID: 0}
    - target: {fileID: 3749581197609447402, guid: 06900d71f7fe93d4ca09fa1db6b941db, type: 3}
      propertyPath: m_RenderingLayerMask
      value: 2147483649
      objectReference: {fileID: 0}
    - target: {fileID: 4517502658263568309, guid: 06900d71f7fe93d4ca09fa1db6b941db, type: 3}
      propertyPath: m_LocalRotation.w
      value: 0.72660816
      objectReference: {fileID: 0}
    - target: {fileID: 4517502658263568309, guid: 06900d71f7fe93d4ca09fa1db6b941db, type: 3}
      propertyPath: m_LocalRotation.z
      value: 0.68705213
      objectReference: {fileID: 0}
    - target: {fileID: 5656002086178134175, guid: 06900d71f7fe93d4ca09fa1db6b941db, type: 3}
      propertyPath: m_SortingLayer
      value: 1
      objectReference: {fileID: 0}
    - target: {fileID: 5656002086178134175, guid: 06900d71f7fe93d4ca09fa1db6b941db, type: 3}
      propertyPath: m_SortingOrder
      value: 8
      objectReference: {fileID: 0}
    - target: {fileID: 5656002086178134175, guid: 06900d71f7fe93d4ca09fa1db6b941db, type: 3}
      propertyPath: m_SortingLayerID
      value: 1833203163
      objectReference: {fileID: 0}
    - target: {fileID: 6104305140768243465, guid: 06900d71f7fe93d4ca09fa1db6b941db, type: 3}
      propertyPath: m_LocalRotation.w
      value: 0.9968696
      objectReference: {fileID: 0}
    - target: {fileID: 6104305140768243465, guid: 06900d71f7fe93d4ca09fa1db6b941db, type: 3}
      propertyPath: m_LocalRotation.x
      value: -0
      objectReference: {fileID: 0}
    - target: {fileID: 6104305140768243465, guid: 06900d71f7fe93d4ca09fa1db6b941db, type: 3}
      propertyPath: m_LocalRotation.y
      value: -0
      objectReference: {fileID: 0}
    - target: {fileID: 6104305140768243465, guid: 06900d71f7fe93d4ca09fa1db6b941db, type: 3}
      propertyPath: m_LocalRotation.z
      value: -0.079063304
      objectReference: {fileID: 0}
    - target: {fileID: 6104305140768243465, guid: 06900d71f7fe93d4ca09fa1db6b941db, type: 3}
      propertyPath: m_LocalEulerAnglesHint.z
      value: -9.069
      objectReference: {fileID: 0}
    - target: {fileID: 6477068517315558853, guid: 06900d71f7fe93d4ca09fa1db6b941db, type: 3}
      propertyPath: m_Bounds.m_Center.x
      value: 0.2868485
      objectReference: {fileID: 0}
    - target: {fileID: 6477068517315558853, guid: 06900d71f7fe93d4ca09fa1db6b941db, type: 3}
      propertyPath: m_Bounds.m_Center.y
      value: -1.0258687
      objectReference: {fileID: 0}
    - target: {fileID: 6477068517315558853, guid: 06900d71f7fe93d4ca09fa1db6b941db, type: 3}
      propertyPath: m_Bounds.m_Extent.x
      value: 0.13946323
      objectReference: {fileID: 0}
    - target: {fileID: 6477068517315558853, guid: 06900d71f7fe93d4ca09fa1db6b941db, type: 3}
      propertyPath: m_Bounds.m_Extent.y
      value: 0.23561412
      objectReference: {fileID: 0}
    - target: {fileID: 6570657163224461332, guid: 06900d71f7fe93d4ca09fa1db6b941db, type: 3}
      propertyPath: m_Bounds.m_Center.x
      value: 0.19387515
      objectReference: {fileID: 0}
    - target: {fileID: 6570657163224461332, guid: 06900d71f7fe93d4ca09fa1db6b941db, type: 3}
      propertyPath: m_Bounds.m_Center.y
      value: -1.103932
      objectReference: {fileID: 0}
    - target: {fileID: 6570657163224461332, guid: 06900d71f7fe93d4ca09fa1db6b941db, type: 3}
      propertyPath: m_Bounds.m_Extent.x
      value: 0.15934949
      objectReference: {fileID: 0}
    - target: {fileID: 6570657163224461332, guid: 06900d71f7fe93d4ca09fa1db6b941db, type: 3}
      propertyPath: m_Bounds.m_Extent.y
      value: 0.17977154
      objectReference: {fileID: 0}
    - target: {fileID: 7677512383501518955, guid: 06900d71f7fe93d4ca09fa1db6b941db, type: 3}
      propertyPath: m_Bounds.m_Center.x
      value: 0.004141763
      objectReference: {fileID: 0}
    - target: {fileID: 7677512383501518955, guid: 06900d71f7fe93d4ca09fa1db6b941db, type: 3}
      propertyPath: m_Bounds.m_Center.y
      value: -1.0294421
      objectReference: {fileID: 0}
    - target: {fileID: 7677512383501518955, guid: 06900d71f7fe93d4ca09fa1db6b941db, type: 3}
      propertyPath: m_Bounds.m_Extent.x
      value: 0.20090306
      objectReference: {fileID: 0}
    - target: {fileID: 7677512383501518955, guid: 06900d71f7fe93d4ca09fa1db6b941db, type: 3}
      propertyPath: m_Bounds.m_Extent.y
      value: 0.09935364
      objectReference: {fileID: 0}
    - target: {fileID: 8253487528178881667, guid: 06900d71f7fe93d4ca09fa1db6b941db, type: 3}
      propertyPath: m_SortingLayer
      value: 1
      objectReference: {fileID: 0}
    - target: {fileID: 8253487528178881667, guid: 06900d71f7fe93d4ca09fa1db6b941db, type: 3}
      propertyPath: m_SortingLayerID
      value: 1833203163
      objectReference: {fileID: 0}
    - target: {fileID: 8485990898379078922, guid: 06900d71f7fe93d4ca09fa1db6b941db, type: 3}
      propertyPath: m_LocalRotation.w
      value: 0.8829842
      objectReference: {fileID: 0}
    - target: {fileID: 8485990898379078922, guid: 06900d71f7fe93d4ca09fa1db6b941db, type: 3}
      propertyPath: m_LocalRotation.z
      value: -0.4694028
      objectReference: {fileID: 0}
    - target: {fileID: 8534682022052667908, guid: 06900d71f7fe93d4ca09fa1db6b941db, type: 3}
      propertyPath: m_LocalRotation.w
      value: 0.2613423
      objectReference: {fileID: 0}
    - target: {fileID: 8534682022052667908, guid: 06900d71f7fe93d4ca09fa1db6b941db, type: 3}
      propertyPath: m_LocalRotation.z
      value: -0.9652462
      objectReference: {fileID: 0}
    - target: {fileID: 8534682022052667908, guid: 06900d71f7fe93d4ca09fa1db6b941db, type: 3}
      propertyPath: m_LocalEulerAnglesHint.z
      value: -130.28
      objectReference: {fileID: 0}
    m_RemovedComponents: []
  m_SourcePrefab: {fileID: 2701909122153849367, guid: 06900d71f7fe93d4ca09fa1db6b941db, type: 3}
--- !u!4 &5126099221828171449 stripped
Transform:
  m_CorrespondingSourceObject: {fileID: -156193219723066688, guid: 06900d71f7fe93d4ca09fa1db6b941db, type: 3}
  m_PrefabInstance: {fileID: 4248731789959132281}
  m_PrefabAsset: {fileID: 0}
--- !u!4 &7389932583846998122 stripped
Transform:
  m_CorrespondingSourceObject: {fileID: -2560059420584934381, guid: 06900d71f7fe93d4ca09fa1db6b941db, type: 3}
  m_PrefabInstance: {fileID: 4248731789959132281}
  m_PrefabAsset: {fileID: 0}
--- !u!1 &3269157678070117580 stripped
GameObject:
  m_CorrespondingSourceObject: {fileID: 1704866013334487221, guid: 06900d71f7fe93d4ca09fa1db6b941db, type: 3}
  m_PrefabInstance: {fileID: 4248731789959132281}
  m_PrefabAsset: {fileID: 0}
--- !u!4 &6194578436488390189 stripped
Transform:
  m_CorrespondingSourceObject: {fileID: -1224672017773292972, guid: 06900d71f7fe93d4ca09fa1db6b941db, type: 3}
  m_PrefabInstance: {fileID: 4248731789959132281}
  m_PrefabAsset: {fileID: 0}
--- !u!4 &308465474612673484 stripped
Transform:
  m_CorrespondingSourceObject: {fileID: 4517502658263568309, guid: 06900d71f7fe93d4ca09fa1db6b941db, type: 3}
  m_PrefabInstance: {fileID: 4248731789959132281}
  m_PrefabAsset: {fileID: 0}
--- !u!4 &821096224933402093 stripped
Transform:
  m_CorrespondingSourceObject: {fileID: 3572367875530138004, guid: 06900d71f7fe93d4ca09fa1db6b941db, type: 3}
  m_PrefabInstance: {fileID: 4248731789959132281}
  m_PrefabAsset: {fileID: 0}
--- !u!4 &4378437623657045973 stripped
Transform:
  m_CorrespondingSourceObject: {fileID: -8775876442515510356, guid: 06900d71f7fe93d4ca09fa1db6b941db, type: 3}
  m_PrefabInstance: {fileID: 4248731789959132281}
  m_PrefabAsset: {fileID: 0}
--- !u!4 &781799204730234581 stripped
Transform:
  m_CorrespondingSourceObject: {fileID: 3471999547176948396, guid: 06900d71f7fe93d4ca09fa1db6b941db, type: 3}
  m_PrefabInstance: {fileID: 4248731789959132281}
  m_PrefabAsset: {fileID: 0}
--- !u!4 &5706848870340315507 stripped
Transform:
  m_CorrespondingSourceObject: {fileID: 8485990898379078922, guid: 06900d71f7fe93d4ca09fa1db6b941db, type: 3}
  m_PrefabInstance: {fileID: 4248731789959132281}
  m_PrefabAsset: {fileID: 0}
--- !u!4 &3334359276250205159 stripped
Transform:
  m_CorrespondingSourceObject: {fileID: -7732538632329724002, guid: 06900d71f7fe93d4ca09fa1db6b941db, type: 3}
  m_PrefabInstance: {fileID: 4248731789959132281}
  m_PrefabAsset: {fileID: 0}
